% Example bibtex file for ISMIR Template

@inproceedings{van2011automatic,
  title={Automatic recognition of samples in musical audio},
  author={Van Balen, Jan},
  booktitle={Masterâ€™s thesis, Universitat Pompeu Fabra},
  year={2011}
}


@INPROCEEDINGS{wang2003industrial,
    author = {Avery Wang},
    title = {An industrial-strength audio search algorithm},
    booktitle = {Proceedings of the 4th International Conference on Music Information Retrieval},
    year = {2003}
}

@inproceedings{dittmar2012audio,
  title={Audio forensics meets Music Information Retrieval - {A} toolbox for inspection of music plagiarism},
  author={Dittmar, Christian and Hildebrand, Kay F and Gaertner, Daniel and Winges, Manuel and M{\"u}ller, Florian and Aichroth, Patrick},
  booktitle={Proceedings of the 20th European Signal Processing Conference (EUSIPCO)},
  pages={1249--1253},
  year={2012},
  organization={IEEE}
}

@inproceedings{smaragdis2003non,
  title={Non-negative matrix factorization for polyphonic music transcription},
  author={Smaragdis, Paris and Brown, Judith C},
  booktitle={Applications of Signal Processing to Audio and Acoustics, 2003 IEEE Workshop on.},
  pages={177--180},
  year={2003},
  organization={IEEE}
}

@inproceedings{lin2003symbolic,
  title={A symbolic representation of time series, with implications for streaming algorithms},
  author={Lin, Jessica and Keogh, Eamonn and Lonardi, Stefano and Chiu, Bill},
  booktitle={Proceedings of the 8th ACM SIGMOD workshop on Research issues in data mining and knowledge discovery},
  pages={2--11},
  year={2003},
  organization={ACM}
}

@article{tanaka2005discovery,
  title={Discovery of time-series motif from multi-dimensional data based on MDL principle},
  author={Tanaka, Yoshiki and Iwamoto, Kazuhisa and Uehara, Kuniaki},
  journal={Machine Learning},
  volume={58},
  number={2-3},
  pages={269--300},
  year={2005},
  publisher={Springer}
}

@inproceedings{bertin2011large,
  title={Large-scale cover song recognition using hashed chroma landmarks},
  author={Bertin-Mahieux, Thierry and Ellis, Daniel P. W.},
  booktitle={Proceedings of the IEEE Workshop on Applications of Signal Processing to Audio and Acoustics},
  pages={117-20},
  year={2011},
}

@INPROCEEDINGS{Ellis2007Cover, 
author={D. P. W. Ellis and G. E. Poliner}, 
booktitle={Acoustics, Speech and Signal Processing, 2007. ICASSP 2007. IEEE International Conference on}, 
title={Identifying `Cover Songs' with Chroma Features and Dynamic Programming Beat Tracking}, 
year={2007}, 
volume={4}, 
pages={IV-1429-IV-1432}, 
keywords={audio signal processing;dynamic programming;music;automatic search methods;beat-by-chroma representation;chroma feature vectors;chroma features;cover songs;dynamic programming beat tracking;music audio recordings;music collections;spectral energy;Audio recording;Digital audio players;Dynamic programming;Instruments;Multiple signal classification;Music;Robustness;Search methods;Signal analysis;Spatial databases;Acoustic signal analysis;Correlation;Database searching;Dynamic programming;Music}, 
doi={10.1109/ICASSP.2007.367348}, 
ISSN={1520-6149}, }

@incollection{serracover,
year={2010},
booktitle={Advances in Music Information Retrieval},
volume={274},
series={Studies in Computational Intelligence},
title={Audio Cover Song Identification and Similarity: Background, Approaches, Evaluation, and Beyond},
publisher={Springer Berlin Heidelberg},
author={Serr{\`a}, Joan and G{\'o}mez, Emilia and Herrera, Perfecto},
pages={307--332},
}

@INPROCEEDINGS{caseyRemix, 
author={Casey, M. and Slaney, M.}, 
booktitle={Acoustics, Speech and Signal Processing, 2007. ICASSP 2007. IEEE International Conference on}, 
title={Fast Recognition of Remixed Music Audio}, 
year={2007}, 
volume={4}, 
pages={1425--1428}, 
}

@misc{ellisfinger,
  author = {Dan Ellis},
  title = {Robust Landmark-Based Audio Fingerprinting},
  howpublished = {\url{http://labrosa.ee.columbia.edu/matlab/fingerprint/}},
  note = {Accessed: 2015-12-04}
}

@InProceedings{SonicVisualiser,
  author =    {C. Cannam and C. Landone and M. Sandler},
  title =     {Sonic Visualiser: An Open Source Application for Viewing, Analysing, and Annotating Music Audio Files},
  pages =     {1467--1468},
  booktitle = {Proceedings of the ACM Multimedia 2010 International Conference},
  month =     {October},
  year =      {2010},
  address =   {Firenze, Italy},
}

@article{freund1999short,
  title={A short introduction to boosting},
  author={Freund, Yoav and Schapire, Robert},
  journal={Journal-Japanese Society For Artificial Intelligence},
  volume={14},
  number={771-780},
  pages={1612},
  year={1999},
  publisher={JAPANESE SOC ARTIFICIAL INTELL}
}

@inproceedings{berndt1994using,
  title={{Using Dynamic Time Warping to Find Patterns in Time Series}},
  author={Berndt, Donald J and Clifford, James},
  booktitle={KDD workshop},
  volume={10},
  pages={359--370},
  year={1994},
  organization={Seattle, WA}
}

@article{hall2009weka,
  title={{The WEKA data mining software: an update}},
  author={Hall, Mark and Frank, Eibe and Holmes, Geoffrey and Pfahringer, Bernhard and Reutemann, Peter and Witten, Ian H},
  journal={ACM SIGKDD explorations newsletter},
  volume={11},
  number={1},
  pages={10--18},
  year={2009},
  publisher={ACM}
}
@article{breiman2001random,
  title={Random forests},
  author={Breiman, Leo},
  journal={Machine learning},
  volume={45},
  number={1},
  pages={5--32},
  year={2001},
  publisher={Springer}
}

@article{cano2005review,
  title={A review of audio fingerprinting},
  author={Cano, Pedro and Batlle, Eloi and Kalker, Ton and Haitsma, Jaap},
  journal={Journal of VLSI signal processing systems for signal, image and video technology},
  volume={41},
  number={3},
  pages={271--284},
  year={2005},
  publisher={Springer}
}

@article{koren2009matrix,
  title={Matrix factorization techniques for recommender systems},
  author={Koren, Yehuda and Bell, Robert and Volinsky, Chris},
  journal={Computer},
  volume={42},
  number={8},
  year={2009},
  publisher={IEEE}
}

@article{lee1999learning,
  title={Learning the parts of objects by non-negative matrix factorization},
  author={Lee, Daniel D and Seung, H Sebastian},
  journal={Nature},
  volume={401},
  number={6755},
  pages={788--791},
  year={1999},
  publisher={Nature Publishing Group}
}

@inproceedings{wu2015drum,
  title={Drum Transcription Using Partially Fixed Non-Negative Matrix Factorization with Template Adaptation.},
  author={Wu, Chih-Wei and Lerch, Alexander},
  booktitle={ISMIR},
  pages={257--263},
  year={2015}
}

@article{virtanen2007monaural,
  title={Monaural sound source separation by nonnegative matrix factorization with temporal continuity and sparseness criteria},
  author={Virtanen, Tuomas},
  journal={IEEE transactions on audio, speech, and language processing},
  volume={15},
  number={3},
  pages={1066--1074},
  year={2007},
  publisher={IEEE}
}

@article{lopez2013insight,
  title={An insight into classification with imbalanced data: Empirical results and current trends on using data intrinsic characteristics},
  author={L{\'o}pez, Victoria and Fern{\'a}ndez, Alberto and Garc{\'\i}a, Salvador and Palade, Vasile and Herrera, Francisco},
  journal={Information Sciences},
  volume={250},
  pages={113--141},
  year={2013},
  publisher={Elsevier}
}